@article{nakamoto2012bitcoin,
 title={Bitcoin: A peer-to-peer electronic cash system, 2009},
 author={Nakamoto, Satoshi},
 journal={URL: http://www. bitcoin. org/bitcoin. pdf},
 year={2012}
}

@article{lowenthal2011bitcoin,
 title={Bitcoin: inside the encrypted, peer-to-peer digital currency},
 author={Lowenthal, Thomas},
 journal={Ars Technica. Retrieved},
 volume={14},
 year={2011}
}

@incollection{barber2012bitter,
  title={Bitter to betterâ€”how to make bitcoin a better currency},
  author={Barber, Simon and Boyen, Xavier and Shi, Elaine and Uzun, Ersin},
  booktitle={Financial Cryptography and Data Security},
  pages={399--414},
  year={2012},
  publisher={Springer}
}

@article{grinberg2012bitcoin,
  title={Bitcoin: an innovative alternative digital currency},
  author={Grinberg, Reuben},
  year={2012},
  publisher={HeinOnline}
}

@article{brito2013bitcoin,
  title={Bitcoin: A Primer for Policymakers},
  author={Brito, Jerry and Castillo, Andrea},
  journal={Mercatus Center: Geroge Mason University. http://mercatus. org/sites/default/files/Brito\_BitcoinPrimer\_ embargoed. pdf},
  year={2013}
}

@article{luther2013cryptocurrencies,
  title={Cryptocurrencies, Network Effects, and Switching Costs},
  author={Luther, William J},
  journal={Available at SSRN 2295134},
  year={2013}
}

@article{kaplanov2012nerdy,
  title={Nerdy money: Bitcoin, the private digital currency, and the case against its regulation},
  author={Kaplanov, Nikolei},
  year={2012},
  publisher={HeinOnline}
}

@article{elias2011bitcoin,
  title={Bitcoin: Tempering the digital ring of gyges or implausible pecuniary privacy},
  author={Elias, Matthew},
  journal={Available at SSRN 1937769},
  year={2011}
}

@article{bergstra2014bitcoin,
  title={Bitcoin: a money-like informational commodity},
  author={Bergstra, Jan A and Weijland, Peter},
  journal={arXiv preprint arXiv:1402.4778},
  year={2014}
}

@article{hanley2013false,
  title={The False Premises and Promises of Bitcoin},
  author={Hanley, Brian P},
  journal={arXiv preprint arXiv:1312.2048},
  year={2013}
}